@article{shannon, 
	author={Shannon, Claude E.}, 
	journal={The Bell System Technical Journal}, 
	title={A mathematical theory of communication}, 
	year={1948}, 
	volume={27}, 
	number={3}, 
	pages={379-423}
}
@inproceedings{smith2009,
  title={Rhythm-based level generation for 2D platformers},
  author={Smith, Gillian and Treanor, Mike and Whitehead, Jim and Mateas, Michael},
  booktitle={Proceedings of the 4th International Conference on Foundations of Digital Games},
  pages={175--182},
  year={2009},
  organization={ACM}
}

@incollection{dahlskog2014,
  title={Procedural content generation using patterns as objectives},
  author={Dahlskog, Steve and Togelius, Julian},
  booktitle={Applications of Evolutionary Computation},
  pages={325--336},
  year={2014},
  publisher={Springer}
}

@inproceedings{mawhorter2010,
  title={Procedural level generation using occupancy-regulated extension},
  author={Mawhorter, Peter and Mateas, Michael},
  booktitle={Computational Intelligence and Games (CIG), 2010 IEEE Symposium on},
  pages={351--358},
  year={2010},
  organization={IEEE}
}